<record><leader>00000cas a2200000 a 4500</leader><controlfield tag="001">28834742</controlfield><controlfield tag="008">930916d19741985iluwr ne      0   a0eng c</controlfield><datafield ind1=" " ind2=" " tag="010"><subfield code="a">sn 93055750 </subfield></datafield><datafield ind1=" " ind2=" " tag="040"><subfield code="a">NVF</subfield><subfield code="b">eng</subfield><subfield code="c">NVF</subfield><subfield code="d">OCLCQ</subfield><subfield code="d">NVF</subfield><subfield code="d">IHI</subfield><subfield code="d">OCLCQ</subfield><subfield code="d">OCLCF</subfield><subfield code="d">NVF</subfield><subfield code="d">OCLCO</subfield><subfield code="d">OCL</subfield></datafield><datafield ind1=" " ind2=" " tag="042"><subfield code="a">pcc</subfield></datafield><datafield ind1=" " ind2=" " tag="043"><subfield code="a">n-us-il</subfield></datafield><datafield ind1="0" ind2=" " tag="130"><subfield code="a">Pike County news (Pittsfield, Ill.)</subfield></datafield><datafield ind1="1" ind2="0" tag="245"><subfield code="a">Pike County news.</subfield></datafield><datafield ind1="1" ind2="7" tag="246"><subfield code="a">Pike Co. news</subfield></datafield><datafield ind1=" " ind2=" " tag="260"><subfield code="a">Pittsfield, Pike Co., Ill. :</subfield><subfield code="b">Barry Industrial, Investment &amp; Improvement Corp.,</subfield><subfield code="c">1974-1985.</subfield></datafield><datafield ind1="3" ind2=" " tag="260"><subfield code="3">July 23, 1975-Oct. 2, 1985</subfield><subfield code="a">Barry, Ill. :</subfield><subfield code="b">Barry Industrial, Investment &amp; Improvement Corp.</subfield></datafield><datafield ind1=" " ind2=" " tag="300"><subfield code="a">v.</subfield></datafield><datafield ind1=" " ind2=" " tag="310"><subfield code="a">Weekly</subfield></datafield><datafield ind1="0" ind2=" " tag="362"><subfield code="a">Vol. 9, no. 36 (Sept. 4, 1974)-v. 20, no. 40 (Oct. 2, 1985).</subfield></datafield><datafield ind1=" " ind2="0" tag="651"><subfield code="a">Pittsfield (Ill.)</subfield><subfield code="v">Newspapers.</subfield></datafield><datafield ind1=" " ind2="0" tag="651"><subfield code="a">Barry (Ill.)</subfield><subfield code="v">Newspapers.</subfield></datafield><datafield ind1=" " ind2="0" tag="651"><subfield code="a">Pike County (Ill.)</subfield><subfield code="v">Newspapers.</subfield></datafield><datafield ind1=" " ind2="7" tag="651"><subfield code="a">Illinois</subfield><subfield code="z">Pike County</subfield><subfield code="2">fast</subfield><subfield code="0">(OCoLC)fst01206336</subfield></datafield><datafield ind1=" " ind2="7" tag="651"><subfield code="a">Illinois</subfield><subfield code="z">Barry.</subfield><subfield code="2">fast</subfield><subfield code="0">(OCoLC)fst01886695</subfield></datafield><datafield ind1=" " ind2="7" tag="651"><subfield code="a">Illinois</subfield><subfield code="z">Pittsfield.</subfield><subfield code="2">fast</subfield><subfield code="0">(OCoLC)fst01226733</subfield></datafield><datafield ind1=" " ind2="7" tag="655"><subfield code="a">Newspapers.</subfield><subfield code="2">fast</subfield><subfield code="0">(OCoLC)fst01423814</subfield></datafield><datafield ind1="2" ind2=" " tag="710"><subfield code="a">Barry Industrial, Investment &amp; Improvement Corp.</subfield><subfield code="k">Newspapers.</subfield><subfield code="4">pbl</subfield></datafield><datafield ind1=" " ind2=" " tag="752"><subfield code="a">United States</subfield><subfield code="b">Illinois</subfield><subfield code="c">Pike County</subfield><subfield code="d">Barry.</subfield></datafield><datafield ind1=" " ind2=" " tag="752"><subfield code="a">United States</subfield><subfield code="b">Illinois</subfield><subfield code="c">Pike County</subfield><subfield code="d">Pittsfield.</subfield></datafield><datafield ind1="0" ind2="1" tag="780"><subfield code="t">Barry-West Pike news</subfield><subfield code="w">(DLC)sn 93055749</subfield><subfield code="w">(OCoLC)28834655</subfield></datafield><datafield ind1="0" ind2="0" tag="785"><subfield code="t">Paper (Barry, Ill.)</subfield><subfield code="w">(DLC)sn 93055751</subfield><subfield code="w">(OCoLC)28834790</subfield></datafield><datafield ind1="1" ind2=" " tag="029"><subfield code="a">AU@</subfield><subfield code="b">000025848173</subfield></datafield></record>